<?xml version="1.0" encoding="utf-8"?>
<record xmlns="http://www.loc.gov/MARC21/slim" xmlns:xsi="http://www.w3.org/2001/XMLSchema-instance" xsi:schemaLocation="http://www.loc.gov/MARC21/slim http://www.loc.gov/standards/marcxml/schema/MARC21slim.xsd">
	<leader>     nam a22        4500</leader>
	<controlfield tag="001">1391239</controlfield>
	<controlfield tag="003">NjP</controlfield>
	<controlfield tag="006">m        d        </controlfield>
	<controlfield tag="007">cr cn |||m|||a</controlfield>
	<controlfield tag="008">160708s1969    iq      ob    001 0 arard</controlfield>
	<datafield ind1=" " ind2=" " tag="040">
		<subfield code="a">NNU</subfield>
		<subfield code="b">eng</subfield>
		<subfield code="e">rda</subfield>
		<subfield code="c">NNU</subfield>
	</datafield>
	<datafield ind1=" " ind2="4" tag="050">
		<subfield code="a">PJ7745</subfield>
		<subfield code="b">.A16 F22 Z5 S16</subfield>
	</datafield>
	<datafield ind1="1" ind2=" " tag="100">
		<subfield code="6">880-01</subfield>
		<subfield code="a">Sallūm, Dāʼūd.</subfield>
	</datafield>
	<datafield ind1="1" ind2="0" tag="245">
		<subfield code="6">880-02</subfield>
		<subfield code="a">Manhaj Abī al-Faraj al-Iṣfahānī fī Kitāb al-aghānī fī dirāsat al-naṣṣ wa-al-sīrah /</subfield>
		<subfield code="c">Dāwud Sallūm.</subfield>
	</datafield>
	<datafield ind1="1" ind2=" " tag="246">
		<subfield code="i">Title on back cover:</subfield>
		<subfield code="a">Abuʼl Farajʼl Asfahaniʼs analytical study of text and biography in al-Aghani</subfield>
	</datafield>
	<datafield ind1=" " ind2=" " tag="260">
		<subfield code="6">880-03</subfield>
		<subfield code="a">Baghdād :</subfield>
		<subfield code="b">Maṭbaʻat al-Īmān,</subfield>
		<subfield code="c">1969.</subfield>
	</datafield>
	<datafield ind1=" " ind2=" " tag="300">
		<subfield code="a">online resource (176 pages)</subfield>
	</datafield>
	<datafield ind1=" " ind2=" " tag="336">
		<subfield code="a">text</subfield>
		<subfield code="2">rdacontent</subfield>
	</datafield>
	<datafield ind1=" " ind2=" " tag="337">
		<subfield code="a">computer</subfield>
		<subfield code="2">rdamedia</subfield>
	</datafield>
	<datafield ind1=" " ind2=" " tag="338">
		<subfield code="a">online resource</subfield>
		<subfield code="2">rdacarrier</subfield>
	</datafield>
	<datafield ind1=" " ind2=" " tag="500">
		<subfield code="a">Part of the Arabic Collections Online (ACO) project, contributed by Princeton University Libraries.</subfield>
	</datafield>
	<datafield ind1=" " ind2=" " tag="504">
		<subfield code="a">Includes bibliographical references and indexes.</subfield>
	</datafield>
	<datafield ind1=" " ind2=" " tag="533">
		<subfield code="a">Electronic reproduction.</subfield>
		<subfield code="b">New York, N.Y. :</subfield>
		<subfield code="c">New York University,</subfield>
		<subfield code="d">2016.</subfield>
		<subfield code="5">NNU</subfield>
	</datafield>
	<datafield ind1="0" ind2="0" tag="600">
		<subfield code="6">880-04</subfield>
		<subfield code="a">Abū al-Faraj al-Iṣbahānī,</subfield>
		<subfield code="d">897 or 898-967.</subfield>
		<subfield code="t">Kitāb al-aghānī.</subfield>
	</datafield>
	<datafield ind1="0" ind2="7" tag="630">
		<subfield code="a">Kitāb al-aghānī (Abū al-Faraj al-Iṣbahānī)</subfield>
		<subfield code="2">fast</subfield>
		<subfield code="0">(OCoLC)fst01361854</subfield>
	</datafield>
	<datafield ind1="2" ind2=" " tag="710">
		<subfield code="a">Princeton University.</subfield>
		<subfield code="b">Library.</subfield>
	</datafield>
	<datafield ind1="0" ind2=" " tag="730">
		<subfield code="a">Arabic Collections Online.</subfield>
	</datafield>
	<datafield ind1="0" ind2="8" tag="776">
		<subfield code="i">Online version:</subfield>
		<subfield code="a">Sallūm, Dāʼūd.</subfield>
		<subfield code="t">Manhaj Abī al-Faraj al-Iṣfahānī fī Kitāb al-aghānī fī dirāsat al-naṣṣ wa-al-sīrah.</subfield>
		<subfield code="d">Baghdād : Maṭbaʻat al-Īmān, 1969</subfield>
		<subfield code="w">(OCoLC)586056417</subfield>
	</datafield>
	<datafield ind1="0" ind2="8" tag="776">
		<subfield code="i">Print version:</subfield>
		<subfield code="a">Sallūm, Dāʼūd.</subfield>
		<subfield code="t">Manhaj Abī al-Faraj al-Iṣfahānī fī Kitāb al-aghānī fī dirāsat al-naṣṣ wa-al-sīrah</subfield>
		<subfield code="w">(NjP)1391239</subfield>
		<subfield code="w">(OCoLC)23507745</subfield>
	</datafield>
	<datafield ind1="4" ind2="0" tag="856">
		<subfield code="u">http://hdl.handle.net/2333.1/t76hdvss</subfield>
	</datafield>
	<datafield ind1="1" ind2=" " tag="880">
		<subfield code="6">100-01</subfield>
		<subfield code="a">سلوم، داؤد.</subfield>
	</datafield>
	<datafield ind1="1" ind2="0" tag="880">
		<subfield code="6">245-02</subfield>
		<subfield code="a">منهج ابي الفرج الاصفهاني في كتاب الاغاني في دراسة النص والسيرة /</subfield>
		<subfield code="c">داود سلوم.</subfield>
	</datafield>
	<datafield ind1=" " ind2=" " tag="880">
		<subfield code="6">260-03</subfield>
		<subfield code="a">بغداد :</subfield>
		<subfield code="b">مطبعة الايمان،</subfield>
		<subfield code="c">1969.</subfield>
	</datafield>
	<datafield ind1="0" ind2="4" tag="880">
		<subfield code="6">600-04</subfield>
		<subfield code="a">ابو الفرج الاصبهاني،</subfield>
		<subfield code="d">897 or 898-967.</subfield>
		<subfield code="t">كتاب الاغاني.</subfield>
	</datafield>
	<datafield ind1=" " ind2=" " tag="959">
		<subfield code="a">NNU</subfield>
		<subfield code="b">WEB</subfield>
		<subfield code="c">GENI</subfield>
		<subfield code="t">0</subfield>
		<subfield code="m">Electronic access</subfield>
		<subfield code="s">01</subfield>
	</datafield>
	<datafield ind1=" " ind2=" " tag="999">
		<subfield code="i">NjP_1391239</subfield>
		<subfield code="o">(OCoLC)ocm23507745</subfield>
		<subfield code="s">princeton_aco000224</subfield>
		<subfield code="e">(ERROR-880)</subfield>
		<subfield code="s">princeton_aco000224</subfield>
	</datafield>
</record>
